@misc{web:unicode:report,
    title = {Unicode Identifiers and Syntax},
    author = {Mark Davis, Robin Leroy},
    date = {2024-09-02},
    note = {Last accessed 31 October 2024},
    url = {https://www.unicode.org/reports/tr31},
}

@article{allen2012unicode,
    title = {The unicode standard},
    author = {Allen, Julie D and Anderson, Deborah and Becker, Joe and Cook,
              Richard and Davis, Mark and Edberg, Peter and Everson, Michael and
              Freytag, Asmus and Iancu, Laurentiu and Ishida, Richard and others},
    journal = {Mountain view, CA},
    pages = {660--664},
    year = {2012},
    publisher = {Citeseer},
}

@book{texbook,
    author = {Donald E. Knuth},
    year = {1986},
    title = {The {\TeX} Book},
    publisher = {Addison-Wesley Professional},
}

@book{latex:companion,
    author = {Frank Mittelbach and Michel Gossens and Johannes Braams and David
              Carlisle and Chris Rowley},
    year = {2004},
    title = {The {\LaTeX} Companion},
    publisher = {Addison-Wesley Professional},
    edition = {2},
}

@book{latex2e,
    author = {Leslie Lamport},
    year = {1994},
    title = {{\LaTeX}: a Document Preparation System},
    publisher = {Addison Wesley},
    address = {Massachusetts},
    edition = {2},
}

@article{knuth:1984,
    title = {Literate Programming},
    author = {Donald E. Knuth},
    journal = {The Computer Journal},
    volume = {27},
    number = {2},
    pages = {97--111},
    year = {1984},
    publisher = {Oxford University Press},
}

@inproceedings{lesk:1977,
    title = {Computer Typesetting of Technical Journals on {UNIX}},
    author = {Michael Lesk and Brian Kernighan},
    booktitle = {Proceedings of American Federation of Information Processing
                 Societies: 1977 National Computer Conference},
    pages = {879--888},
    year = {1977},
    address = {Dallas, Texas},
}
